<?xml version="1.0" encoding="UTF-8"?><record xmlns="http://www.loc.gov/MARC21/slim" xmlns:cinclude="http://apache.org/cocoon/include/1.0" xmlns:zs="http://www.loc.gov/zing/srw/">
  <leader>00445nz  a2200133n  4500</leader>
  <controlfield tag="001">no2008013171</controlfield>
  <controlfield tag="003">DLC</controlfield>
  <controlfield tag="005">20080131080255.0</controlfield>
  <controlfield tag="008">080129n| acannaabn          |n ana      </controlfield>
  <datafield tag="010" ind1=" " ind2=" ">
    <subfield code="a">no2008013171</subfield>
  </datafield>
  <datafield tag="035" ind1=" " ind2=" ">
    <subfield code="a">(OCoLC)oca07640886</subfield>
  </datafield>
  <datafield tag="040" ind1=" " ind2=" ">
    <subfield code="a">DLC</subfield>
    <subfield code="b">eng</subfield>
    <subfield code="c">DLC</subfield>
  </datafield>
  <datafield tag="110" ind1="2" ind2=" ">
    <subfield code="a">Sāzmān-i Ṣanāyiʻ-i Havāʹfaz̤ā</subfield>
  </datafield>
  <datafield tag="670" ind1=" " ind2=" ">
    <subfield code="a">Ṣanāyiʻ-i Havāʹfaz̤ā, Shahrīvar māh 1384 i.e. Sep. 2005:</subfield>
    <subfield code="b">t.p. (Sāzmān-i Ṣanāyiʻ-i Havāʹfaz̤ā)</subfield>
  </datafield>
</record>